@inproceedings{maroti2004,
  title={The flooding time synchronization protocol},
  author={Mar{\'o}ti, Mikl{\'o}s and Kusy, Branislav and Simon, Gyula and L{\'e}deczi, {\'A}kos},
  booktitle={Proceedings of the 2nd international conference on Embedded networked sensor systems},
  pages={39--49},
  year={2004},
  organization={ACM}
}

@inproceedings{sousa2014stele,
  title={STELE: A Simple Technique for Local Delay Estimation in WSN},
  author={Sousa, Cledson and Carrano, Ricardo C and Magalhaes, Luiz and Albuquerque, C{\'e}lio VN},
  booktitle={Computers and Communication (ISCC), 2014 IEEE Symposium on},
  pages={1--6},
  year={2014},
  organization={IEEE}
}

@inproceedings{arampatzis2005survey,
  title={A survey of applications of wireless sensors and wireless sensor networks},
  author={Arampatzis, Th and Lygeros, John and Manesis, S},
  booktitle={IEEE International Symposium on Intelligent Control, Mediterrean Conference on Control and Automation},
  pages={719--724},
  year={2005},
  organization={IEEE}
}

@incollection{fraden2010,
  year={2010},
  isbn={978-1-4419-6465-6},
  booktitle={Handbook of Modern Sensors},
  title={Data Acquisition},
  publisher={Springer New York},
  author={Jacob Fraden},
  pages={1-12},
  language={English}
}

@ARTICLE{mills1991, 
    author={Mills, D.L.}, 
    journal={Communications, IEEE Transactions on}, 
    title={Internet time synchronization: the network time protocol}, 
    year={1991}, 
    month={Oct}, 
    volume={39}, 
    number={10}, 
    pages={1482-1493},
    doi={10.1109/26.103043}, 
    ISSN={0090-6778}
}

@inproceedings{yang2003,
  title={A protocol for tracking mobile targets using sensor networks},
  author={Yang, Hua and Sikdar, Biplab},
  booktitle={Sensor Network Protocols and Applications, 2003. Proceedings of the First IEEE. 2003 IEEE International Workshop on},
  pages={71--81},
  year={2003},
  organization={IEEE}
}

@article{sinopoli2003,
  title={Distributed control applications within sensor networks},
  author={Sinopoli, Bruno and Sharp, Cory and Schenato, Luca and Schaffert, Shawn and Sastry, S Shankar},
  journal={Proceedings of the IEEE},
  volume={91},
  number={8},
  pages={1235--1246},
  year={2003},
  publisher={IEEE}
}

@inproceedings{simon2004,
  title={Sensor network-based countersniper system},
  author={Simon, Gyula and Mar{\'o}ti, Mikl{\'o}s and L{\'e}deczi, {\'A}kos and Balogh, Gy{\"o}rgy and Kusy, Branislav and N{\'a}das, Andr{\'a}s and Pap, G{\'a}bor and Sallai, J{\'a}nos and Frampton, Ken},
  booktitle={Proceedings of the 2nd international conference on Embedded networked sensor systems},
  pages={1--12},
  year={2004},
  organization={ACM}
}

@inproceedings{gui2004,
 author = {Gui, Chao and Mohapatra, Prasant},
 title = {Power Conservation and Quality of Surveillance in Target Tracking Sensor Networks},
 booktitle = {Proceedings of the 10th Annual International Conference on Mobile Computing and Networking},
 series = {MobiCom '04},
 isbn = {1-58113-868-7},
 pages = {129--143},
 numpages = {15},
 url = {http://doi.acm.org/10.1145/1023720.1023734},
 doi = {10.1145/1023720.1023734},
 acmid = {1023734},
 publisher = {ACM},
 keywords = {coverage process, proactive wakeup, quality of surveillance, sleep planning, target tracking sensor network},
}

@INPROCEEDINGS{dai2012, 
    author={Dai, Zhicheng and Wang, Shengming and Yan, Zhonghua}, 
    booktitle={Modelling, Identification Control (ICMIC), 2012 Proceedings of International Conference on}, 
    title={BSHM-WSN: A wireless sensor network for bridge structure health monitoring}, 
    year={2012}, 
    month={Junho}, 
    pages={708-712}
}

@inproceedings{bruno2014,  
  author    = {Gustavo Zanatta and
               Giulio Dariano Bottari and
               Raphael Guerra and
               Julius C. B. Leite},
  title     = {Building a {WSN} infrastructure with {COTS} components for the thermal
               monitoring of datacenters},
  booktitle = {Symposium on Applied Computing, {SAC} 2014, Gyeongju, Republic of
               Korea - March 24 - 28, 2014},
  pages     = {1443--1448},
  year      = {2014},
  url       = {http://doi.acm.org/10.1145/2554850.2554986},
  doi       = {10.1145/2554850.2554986},
  timestamp = {Sun, 20 Jul 2014 11:32:29 +0200},
  biburl    = {http://dblp.uni-trier.de/rec/bib/conf/sac/ZanattaBGL14},
  bibsource = {dblp computer science bibliography, http://dblp.org}
}

@article{castillo2013,
  title={Temperature-Compensated clock skew adjustment},
  author={Castillo-Secilla, Jose Mar{\'\i}a and Palomares, Jose Manuel and Olivares, Joaqu{\'\i}n},
  journal={Sensors},
  volume={13},
  number={8},
  pages={10981--11006},
  year={2013},
  publisher={Multidisciplinary Digital Publishing Institute},
  URL = {http://www.mdpi.com/1424-8220/13/8/10981},
  PubMedID = {23966192},
  ISSN = {1424-8220},
  DOI = {10.3390/s130810981}
}

@misc{ftsp,
  title = {Flooding Time Synchronization Protocol - TinyOS Oficial Wiki Page},
  howpublished = {\url{http://tinyos.stanford.edu/tinyos-wiki/index.php/FTSP}},
  note = {Accessed: 2015-04-09}
}

@phdthesis{elson2003,
  title={Time synchronization in wireless sensor networks},
  author={Elson, Jeremy Eric and Estrin, Deborah},
  year={2003},
  school={University of California, Los Angeles}
}

@article{yoon2007,
  title={Tiny-sync: Tight time synchronization for wireless sensor networks},
  author={Yoon, Suyoung and Veerarittiphan, Chanchai and Sichitiu, Mihail L},
  journal={ACM Transactions on Sensor Networks (TOSN)},
  volume={3},
  number={2},
  pages={8},
  year={2007},
  publisher={ACM}
}

@article{elson2002,
  title={Fine-grained network time synchronization using reference broadcasts},
  author={Elson, Jeremy and Girod, Lewis and Estrin, Deborah},
  journal={ACM SIGOPS Operating Systems Review},
  volume={36},
  number={SI},
  pages={147--163},
  year={2002},
  publisher={ACM}
}

@book{mcgrath2013sensor,
  title={Sensor Technologies: Healthcare, Wellness and Environmental Applications},
  author={McGrath, Michael J and Scanaill, Cliodhna N{\'\i}},
  year={2013},
  publisher={Apress}
}

@incollection{levis2005tinyos,
  title={TinyOS: An operating system for sensor networks},
  author={Levis, Philip and Madden, Sam and Polastre, Joseph and Szewczyk, Robert and Whitehouse, Kamin and Woo, Alec and Gay, David and Hill, Jason and Welsh, Matt and Brewer, Eric and others},
  booktitle={Ambient intelligence},
  pages={115--148},
  year={2005},
  publisher={Springer}
}

@INPROCEEDINGS{oliver2004, 
  author={Cardell-Oliver, R. and Smettem, K. and Kranz, M. and Mayer, K.}, 
  booktitle={Intelligent Sensors, Sensor Networks and Information Processing Conference, 2004. Proceedings of the 2004}, 
  title={Field testing a wireless sensor network for reactive environmental monitoring [soil moisture measurement]}, 
  year={2004}, 
  month={Dec}, 
  pages={7-12},
  doi={10.1109/ISSNIP.2004.1417429}
}

@article{oliveira2011wireless,
  title={Wireless sensor networks: a survey on environmental monitoring},
  author={Oliveira, Lu{\'\i}s M and Rodrigues, Joel J},
  journal={Journal of communications},
  volume={6},
  number={2},
  pages={143--151},
  year={2011}
}

@ARTICLE{Chong:IEEEDT14, 
author={Chong, F.T. and Heck, M.J.R. and Ranganathan, P. and Saleh, A.A.M. and Wassel, H.M.G.}, 
journal={Design Test, IEEE}, 
title={Data Center Energy Efficiency:Improving Energy Efficiency in Data Centers Beyond Technology Scaling}, 
year={2014}, 
volume={31}, 
number={1}, 
pages={93-104}, 
keywords={computer centres;energy conservation;resource allocation;software engineering;application requirements;architecture design;communication systems;data center;energy efficiency;energy proportionality;hardware communications;power consumption;resource provisioning;runtime systems;software communications;storage systems;technology scaling;vertical software stacks integration;workload space;Data centers;Economics;Energy efficienct;Energy management;Market research;big data;datacenters;energy efficiency;technology scaling}, 
doi={10.1109/MDAT.2013.2294466}, 
ISSN={2168-2356}, 
month={Feb},}

@article{Baronti:JCC07,
 author = {Baronti, Paolo and Pillai, Prashant and Chook, Vince W. C. and Chessa, Stefano and Gotta, Alberto and Hu, Y. Fun},
 title = {Wireless Sensor Networks: A Survey on the State of the Art and the 802.15.4 and ZigBee Standards},
 journal = {Computer Communications},
 issue_date = {2007},
 year = {2007},
 issn = {0140-3664},
 pages = {1655--1695},
 numpages = {41},
 url = {http://dx.doi.org/10.1016/j.comcom.2006.12.020},
 doi = {10.1016/j.comcom.2006.12.020},
 acmid = {1238310},
 publisher = {Elsevier Science Publishers B. V.},
 address = {Amsterdam, The Netherlands, The Netherlands},
 keywords = {IEEE 802.15.4, Wireless sensor networks, ZigBee},
} 

@article{Elson:SIGOPS02,
 author = {Elson, Jeremy and Girod, Lewis and Estrin, Deborah},
 title = {Fine-grained Network Time Synchronization Using Reference Broadcasts},
 journal = {SIGOPS Operating Systems Review},
 issue_date = {Winter 2002},
 volume = {36},
 number = {SI},
 month = dez,
 year = {2002},
 issn = {0163-5980},
 pages = {147--163},
 numpages = {17},
 url = {http://doi.acm.org/10.1145/844128.844143},
 doi = {10.1145/844128.844143},
 acmid = {844143},
 publisher = {ACM},
 address = {New York, NY, USA},
} 

@inproceedings{Ganeriwal:Sensys03,
 author = {Ganeriwal, Saurabh and Kumar, Ram and Srivastava, Mani B.},
 title = {Timing-sync Protocol for Sensor Networks},
 booktitle = {1st International Conference on Embedded Networked Sensor Systems},

 year = {2003},
 isbn = {1-58113-707-9},

 pages = {138--149},
 numpages = {12},
 url = {http://doi.acm.org/10.1145/958491.958508},
 doi = {10.1145/958491.958508},
 acmid = {958508},
 publisher = {ACM},

 keywords = {clock drift, medium access control, packet delay, sensor networks, time synchronization},
} 

@inproceedings{vanGreunen:WSNA03,
 author = {van Greunen, Jana and Rabaey, Jan},
 title = {Lightweight Time Synchronization for Sensor Networks},
 booktitle = {Proceedings of the 2Nd ACM International Conference on Wireless Sensor Networks and Applications},
 year = {2003},
 isbn = {1-58113-764-8},
 location = {San Diego, CA, USA},
 pages = {11--19},
 numpages = {9},
 url = {http://doi.acm.org/10.1145/941350.941353},
 doi = {10.1145/941350.941353},
 acmid = {941353},
 publisher = {ACM},
 keywords = {lightweight, multi-hop, spanning tree, synchronization},
} 

@incollection{Zhang:LNCS07,
year={2007},
isbn={978-3-540-77023-7},
booktitle={Mobile Ad-Hoc and Sensor Networks},
volume={4864},
doi={10.1007/978-3-540-77024-4_49},
title={SLTP: Scalable Lightweight Time Synchronization Protocol for Wireless Sensor Network},
url={http://dx.doi.org/10.1007/978-3-540-77024-4_49},
publisher={Springer Berlin},
author={Nazemi Gelyan, Sepideh and Eghbali, ArashNasiri and Roustapoor, Laleh and Yahyavi Firouz Abadi, SeyedAmir and Dehghan, Mehdi},
pages={536-547},
language={English}
}

@inproceedings{Lenzen:Sensys09,
 author = {Lenzen, Christoph and Sommer, Philipp and Wattenhofer, Roger},
 title = {Optimal Clock Synchronization in Networks},
 booktitle = {Proceedings of the 7th ACM Conference on Embedded Networked Sensor Systems},
 year = {2009},
 isbn = {978-1-60558-519-2},
 pages = {225--238},
 numpages = {14},
 url = {http://doi.acm.org/10.1145/1644038.1644061},
 doi = {10.1145/1644038.1644061},
 acmid = {1644061},
 publisher = {ACM},
 keywords = {clock drift, lower bound, sensor networks, time synchronization},
} 

@INPROCEEDINGS{Sommer:IPSN09, 
author={Sommer, P. and Wattenhofer, R.}, 
booktitle={International Conference on Information Processing in Sensor Networks}, 
title={Gradient clock synchronization in wireless sensor networks}, 
year={2009}, 
pages={37-48}, 
month={April},}

@article{Ranganathan:IJU10,
  title={Time synchronization in wireless sensor networks: a survey},
  author={Ranganathan, Prakash and Nygard, Kendall},
  journal={International journal of UbiComp (IJU)},
  volume={1},
  number={2},
  pages={92--102},
  year={2010}
}

@misc{Wang:Patent09,
  title={MAC layer timestamping approach for emerging wireless sensor platform and communication architecture},
  author={Wang, S. and Ahn, T.},
  url={http://www.google.com/patents/US20090310572},
  year={2009},
  month={Dezembro},
  publisher={Google Patents},
  note={US Patent App. 12/213,286}
}

@misc{Micaz,
  author = {MEMSIC},
  title = {{Micaz} Datasheet},
  note={http://www.memsic.com}
}

@misc{cc1000,
  author = {Texas Instruments},
  title = {CC1000 Single Chip Very Low Power RF Transceiver},
  note={http://www.ti.com/lit/ds/symlink/cc1000.pdf}
}

@misc{Iris2007,
  author = {MEMSIC},
  title = {{Iris} Datasheet},
  note={http://www.memsic.com}
}

@INPROCEEDINGS{Elson2001, 
  author={Elson, J. and Estrin, D.}, 
  booktitle={Parallel and Distributed Processing Symposium., Proceedings 15th International}, 
  title={Time synchronization for wireless sensor networks}, 
  year={2001}, 
  pages={1965-1970}, 
  ISSN={1530-2075}, 
  month={April},
}


@article{sundararaman2005,
  title={Clock synchronization for wireless sensor networks: a survey},
  author={Sundararaman, Bharath and Buy, Ugo and Kshemkalyani, Ajay D},
  journal={Ad Hoc Networks},
  volume={3},
  number={3},
  pages={281--323},
  year={2005},
  publisher={Elsevier}
}

@book{kopetz2011real,
  title={Real-time systems: design principles for distributed embedded applications},
  author={Kopetz, Hermann},
  year={2011},
  publisher={Springer Science \& Business Media}
}

@ARTICLE{kopetz1987,
  author={Kopetz, Hermann and Ochsenreiter, Wilhelm}, 
  journal={IEEE Transactions on Computers}, 
  title={Clock Synchronization in Distributed Real-Time Systems}, 
  year={1987}, 
  volume={C-36}, 
  number={8}, 
  pages={933-940},
  doi={10.1109/TC.1987.5009516}, 
  ISSN={0018-9340}, 
  month={Aug},
}

@article{hill2004platforms,
  title={The platforms enabling wireless sensor networks},
  author={Hill, Jason and Horton, Mike and Kling, Ralph and Krishnamurthy, Lakshman},
  journal={Communications of the ACM},
  volume={47},
  number={6},
  pages={41--46},
  year={2004},
  publisher={ACM}
}

@article{holtkamp2013,
  title={Decentralized Synchronization for Wireless Sensor Networks},
  author={Holtkamp, Hauke},
  journal={arXiv preprint arXiv:1304.0646},
  year={2013}
}

@article{cho2011,
  title={Enhanced precision time synchronization for wireless sensor networks},
  author={Cho, Hyuntae and Kim, Jongdeok and Baek, Yunju},
  journal={Sensors},
  volume={11},
  number={8},
  pages={7625--7643},
  year={2011},
  publisher={Molecular Diversity Preservation International}
}

@article{otero2001high,
  title={High performance wireless networking and weather},
  author={Otero, Jose and Yalamanchili, Pavana and Braun, Hans-Werner},
  journal={High Performance Wireless Research and Education Network},
  year={2001}
}

@book{karl2007protocols,
  title={Protocols and architectures for wireless sensor networks},
  author={Karl, Holger and Willig, Andreas},
  year={2007},
  isbn = {0470095105},
  publisher={John Wiley \& Sons}
}

@article{mills1998,
 author = {Mills, David L.},
 title = {Adaptive Hybrid Clock Discipline Algorithm for the Network Time Protocol},
 journal = {IEEE/ACM Transactions Network},
 issue_date = {Outubro 1998},
 volume = {6},
 number = {5},
 month = Out,
 year = {1998},
 issn = {1063-6692},
 pages = {505--514},
 numpages = {10},
 publisher = {IEEE Press},
 address = {Piscataway, NJ, USA},
} 

@article{pottie2000,
 author = {Pottie, G. J. and Kaiser, W. J.},
 title = {Wireless Integrated Network Sensors},
 journal = {Communications of the ACM},
 issue_date = {Maio 2000},
 volume = {43},
 number = {5},
 month = Maio,
 year = {2000},
 issn = {0001-0782},
 pages = {51--58},
 numpages = {8},
 publisher = {ACM},
 address = {New York, NY, USA},
} 


@article{elson2003romer,
 author = {Elson, Jeremy and R\"{o}mer, Kay},
 title = {Wireless Sensor Networks: A New Regime for Time Synchronization},
 journal = {SIGCOMM Computer Communication Review},
 issue_date = {Janeiro 2003},
 volume = {33},
 number = {1},
 month = jan,
 year = {2003},
 issn = {0146-4833},
 pages = {149--154},
 numpages = {6},
 publisher = {ACM},
 address = {New York, NY, USA},
} 


@inproceedings{kahn1999,
 author = {Kahn, J. M. and Katz, R. H. and Pister, K. S. J.},
 title = {Next Century Challenges: Mobile Networking for ``Smart Dust''},
 booktitle = {Proceedings of the 5th Annual ACM/IEEE International Conference on Mobile Computing and Networking},
 series = {MobiCom '99},
 year = {1999},
 isbn = {1-58113-142-9},
 location = {Seattle, Washington, USA},
 pages = {271--278},
 numpages = {8},
 acmid = {313558},
 publisher = {ACM},
 address = {New York, NY, USA},
} 


@incollection{cuevas2007,
  title={A proposal for Zigbee clusters interconnection based on Zigbee extension devices},
  author={Cuevas, {\'A}ngel and Cuevas, Rub{\'e}n and Urue{\~n}, Manuel and Larrabeiti, David},
  booktitle={Wireless Sensor and Actor Networks},
  pages={227--238},
  year={2007},
  publisher={Springer}
}

@book{wang2007topology,
  title={Topology-Based Routing for Xmesh in Dense Wireless Sensor Networks},
  author={Wang, Lei},
  year={2007},
  publisher={ProQuest}
}

@inproceedings{bmac,
  title={Versatile low power media access for wireless sensor networks},
  author={Polastre, Joseph and Hill, Jason and Culler, David},
  booktitle={Proceedings of the 2nd international conference on Embedded networked sensor systems},
  pages={95--107},
  year={2004},
  organization={ACM}
}

@article{boxmac,
  title={BoX-MACs: Exploiting physical and link layer boundaries in low-power networking},
  author={Moss, David and Levis, Philip},
  journal={Computer Systems Laboratory Stanford University},
  pages={116--119},
  year={2008}
}

@inproceedings{smac,
  title={An energy-efficient MAC protocol for wireless sensor networks},
  author={Ye, Wei and Heidemann, John and Estrin, Deborah},
  booktitle={INFOCOM 2002. Twenty-First Annual Joint Conference of the IEEE Computer and Communications Societies. Proceedings. IEEE},
  volume={3},
  pages={1567--1576},
  year={2002},
  organization={IEEE}
}

@article{pamas,
  title={PAMAS-power aware multi-access protocol with signalling for ad hoc networks},
  author={Singh, Suresh and Raghavendra, Cauligi S},
  journal={ACM SIGCOMM Computer Communication Review},
  volume={28},
  number={3},
  pages={5--26},
  year={1998},
  publisher={ACM}
}

@article{suriyachai2012survey,
  title={A survey of MAC protocols for mission-critical applications in wireless sensor networks},
  author={Suriyachai, Petcharat and Roedig, Utz and Scott, Andrew},
  journal={Communications Surveys \& Tutorials, IEEE},
  volume={14},
  number={2},
  pages={240--264},
  year={2012},
  publisher={IEEE}
}

@article{huang2013evolution,
  title={The evolution of MAC protocols in wireless sensor networks: A survey},
  author={Huang, Pei and Xiao, Li and Soltani, Sima and Mutka, Matt W and Xi, Ning},
  journal={Communications Surveys \& Tutorials, IEEE},
  volume={15},
  number={1},
  pages={101--120},
  year={2013},
  publisher={IEEE}
}

@inproceedings{ganeriwal2003,
  title={Timing-sync protocol for sensor networks},
  author={Ganeriwal, Saurabh and Kumar, Ram and Srivastava, Mani B},
  booktitle={Proceedings of the 1st international conference on Embedded networked sensor systems},
  pages={138--149},
  year={2003},
  organization={ACM}
}

@techreport{horauer2002,
  title={PSynUTC-Evaluation of a High-Precision Time Synchronization Prototype System for Ethernet LANs},
  author={Horauer, Martin and Schossmaier, Klaus and Schmid, Ulrich and H{\"o}ller, Roland and Ker{\"o}, Nikolaus},
  year={2002},
  institution={DTIC Document}
}

@article{chipcon20032,
  title={2.4 GHz IEEE 802.15. 4},
  author={Chipcon, SmartRF CC2420},
  journal={ZigBee-ready RF Transceiver},
  volume={1},
  year={2003}
}


@article{iris2006crossbow,
  title={Crossbow Technology, Inc.; San Jose, CA},
  author={Datasheet, IRIS},
  journal={CA, USA},
  year={2006}
}

@misc{tinyos133,
  title={TinyOS Extension Proposal (TEP) 133: Packet-level time synchronization},
  author={TinyOS},
  url={http://www.tinyos.net/tinyos-2.1.0/doc/html/tep133.html},
  note = {"Online; acessado em 01/02/2016"}
}

@misc{tinyos102,
  title={TinyOS Extension Proposal (TEP) 102: Timers},
  author={Sharp, C and Turon, M and Gay, D},
  year={2010},
  url={http://www.tinyos.net/tinyos-2.1.0/doc/html/tep102.html},
  note = {"Online; acessado em 01/02/2016"}
}

@misc{tinyos132,
  title={TinyOS Extension Proposal (TEP) 132: Packet timestamping},
  author={Miklos Maroti, Janos Sallai},
  year={2010},
  url={http://www.tinyos.net/tinyos-2.1.0/doc/html/tep132.html},
  note = {"Online; acessado em 01/02/2016"}
}



@article{lenzen2015pulsesync,
  title={PulseSync: An efficient and scalable clock synchronization protocol},
  author={Lenzen, Christoph and Sommer, Philipp and Wattenhofer, Roger},
  journal={IEEE/ACM Transactions on Networking (TON)},
  volume={23},
  number={3},
  pages={717--727},
  year={2015},
  publisher={IEEE Press}
}


@book{levis2003trickle,
  title={Trickle: A self regulating algorithm for code propagation and maintenance in wireless sensor networks},
  author={Levis, Philip Alexander and Patel, Neil and Culler, David and Shenker, Scott},
  year={2003},
  publisher={Computer Science Division, University of California}
}

@inproceedings{stann2006rbp,
  title={RBP: robust broadcast propagation in wireless networks},
  author={Stann, Fred and Heidemann, John and Shroff, Rajesh and Murtaza, Muhammad Zaki},
  booktitle={Proceedings of the 4th international conference on Embedded networked sensor systems},
  pages={85--98},
  year={2006},
  organization={ACM}
}

@inproceedings{zhu2010exploring,
  title={Exploring Link Correlation for Efficient Flooding in Wireless Sensor Networks.},
  author={Zhu, Ting and Zhong, Ziguo and He, Tian and Zhang, Zhi-Li},
  booktitle={NSDI},
  volume={10},
  pages={1--15},
  year={2010}
}


@article{capriglione2016,
  title={Analysis of quantities influencing the performance of time synchronization based on linear regression in low cost WSNs},
  author={Capriglione, Domenico and Casinelli, Deborah and Ferrigno, Luigi},
  journal={Measurement},
  volume={77},
  pages={105--116},
  year={2016},
  publisher={Elsevier}
}

@article{levis2004tinyos,
  title={TinyOS: An operating system for sensor networks},
  author={Levis, Philip and Madden, Sam and Polastre, Joseph and Szewczyk, Robert and Whitehouse, Kamin and Woo, Alec and Gay, David and Hill, Jason and Welsh, Matt and Brewer, Eric and others},
  journal={Ambient intelligence},
  volume={35},
  year={2004},
  publisher={Springer Verlag Berlin Heidelberg, Germany}
}

@inproceedings{gay2003nesc,
  title={The nesC language: A holistic approach to networked embedded systems},
  author={Gay, David and Levis, Philip and Von Behren, Robert and Welsh, Matt and Brewer, Eric and Culler, David},
  booktitle={Acm Sigplan Notices},
  volume={38},
  number={5},
  pages={1--11},
  year={2003},
  organization={ACM}
}

@book{levis2009tinyos,
  title={TinyOS programming},
  author={Levis, Philip and Gay, David},
  year={2009},
  publisher={Cambridge University Press}
}

@inproceedings{shannon2012dynamic,
  title={Dynamic flooding time synchronisation protocol for WSNs},
  author={Shannon, Julia and Melvin, Hugh and Ruzzelli, Antonio G},
  booktitle={Global Communications Conference (GLOBECOM), 2012 IEEE},
  pages={365--371},
  year={2012},
  organization={IEEE}
}

@article{culler2002mica,
  title={Mica: The commercialization of microsensor motes},
  author={Culler, David and Hill, Jason and Horton, Mike and Pister, Kris and Szewczyk, Robert and Wood, Alec},
  journal={Sensor Technology and Design, April},
  year={2002}
}

@inproceedings{maroti2004robust,
  title={Robust Multi-Hop Time Synchronization in Sensor Networks.},
  author={Maroti, Miklos and Kusy, Branislav and Simon, Gyula and Ledeczi, Akos},
  booktitle={International Conference on Wireless Networks},
  pages={454--460},
  year={2004},
  organization={Citeseer}
}

@article{elson2003wireless,
  title={Wireless sensor networks: A new regime for time synchronization},
  author={Elson, Jeremy and R{\"o}mer, Kay},
  journal={ACM SIGCOMM Computer Communication Review},
  volume={33},
  number={1},
  pages={149--154},
  year={2003},
  publisher={ACM}
}